@article{leeleekim200601,
	title={동북아 지역 주요 에어로졸 타입 분류를 위한 MODIS 위성 자료의 응용 연구},
	author={이동하 and 이권호 and 김영준},
	journal={대한환경공학회 학술발표논문집},
	pages={687--691},
	year={2006}
}
@article{ahn2012development,
  title={Development of atmospheric correction algorithm for Geostationary Ocean Color Imager (GOCI)},
  author={Ahn, Jae-Hyun and Park, Young-Je and Ryu, Joo-Hyung and Lee, Boram and others},
  journal={Ocean Science Journal},
  volume={47},
  number={3},
  pages={247--259},
  year={2012},
  publisher={Springer}
}

@article{li2003characteristics,
  title={Characteristics of distribution and seasonal variation of aerosol optical depth in eastern China with MODIS products},
  author={Li, Chengcai and Mao, Jietai and Lau, Kai-Hon Alexis and Chen, Jay-Chung and Yuan, Zibing and Liu, Xiaoyang and Zhu, Aihua and Liu, Guiqing},
  journal={Chinese Science Bulletin},
  volume={48},
  number={22},
  pages={2488--2495},
  year={2003},
  publisher={Springer}
}

@inproceedings{tripathi2005comparison,
  title={Comparison of MODIS and AERONET derived aerosol optical depth over the Ganga Basin, India},
  author={Tripathi, SN and Dey, Sagnik and Chandel, A and Srivastava, S and Singh, Ramesh P and Holben, BN},
  booktitle={Annales Geophysicae},
  volume={23},
  number={4},
  pages={1093--1101},
  year={2005}
}

@article{chu2002validation,
  title={Validation of MODIS aerosol optical depth retrieval over land},
  author={Chu, DA and Kaufman, YJ and Ichoku, C and Remer, LA and Tanr{\'e}, D and Holben, BN},
  journal={Geophysical research letters},
  volume={29},
  number={12},
  year={2002},
  publisher={Wiley Online Library}
}

@article{prasad2007comparison,
  title={Comparison of MISR-MODIS aerosol optical depth over the Indo-Gangetic basin during the winter and summer seasons (2000--2005)},
  author={Prasad, Anup K and Singh, Ramesh P},
  journal={Remote Sensing of Environment},
  volume={107},
  number={1},
  pages={109--119},
  year={2007},
  publisher={Elsevier}
}

@article{zhang2006modis,
  title={MODIS aerosol product analysis for data assimilation: Assessment of over-ocean level 2 aerosol optical thickness retrievals},
  author={Zhang, Jianglong and Reid, Jeffrey S},
  journal={Journal of Geophysical Research: Atmospheres},
  volume={111},
  number={D22},
  year={2006},
  publisher={Wiley Online Library}
}

@article{zhang2009relation,
  title={The relation between Moderate Resolution Imaging Spectroradiometer (MODIS) aerosol optical depth and PM2. 5 over the United States: a geographical comparison by US Environmental Protection Agency regions},
  author={Zhang, Hai and Hoff, Raymond M and Engel-Cox, Jill A},
  journal={Journal of the Air \& Waste Management Association},
  volume={59},
  number={11},
  pages={1358--1369},
  year={2009},
  publisher={Taylor \& Francis}
}

@article{remer2005modis,
  title={The MODIS aerosol algorithm, products, and validation},
  author={Remer, Lorraine A and Kaufman, YJ and Tanr{\'e}, D and Mattoo, S and Chu, DA and Martins, J Vanderlei and Li, R-R and Ichoku, C and Levy, RC and Kleidman, RG and others},
  journal={Journal of the atmospheric sciences},
  volume={62},
  number={4},
  pages={947--973},
  year={2005}
}