\begin{thebibliography}{99}

@article{arleeleekim2006012006:arleeleekim200601,
	title={동북아 지역 주요 에어로졸 타입 분류를 위한 MODIS 위성 자료의 응용 연구},
	author={이동하 and 이권호 and 김영준},
	journal={대한환경공학회 학술발표논문집},
	pages={687--691},
	year={2006}
}


	\bibitem{leeleekim0601} 이동하, 이권호, 김영준 (2006). ``동북아 지역 주요 에어로졸 타입 분류를 위한 MODIS 위성 자료의 응용 연구'', 대한환경공학회 학술발표논문집, 687-691.3
	\bibitem[{이동하와 이권호와 김영준(2006)}]{aleeleekim2006012006:leeleekim200601} 이동하, 이권호, 김영준 (2006). ``동북아 지역 주요 에어로졸 타입 분류를 위한 MODIS 위성 자료의 응용 연구'', 대한환경공학회 학술발표논문집, 687-691.3
	\bibitem{chujung_16_01} 추교황, 정명재 (2016). ``MODIS센서를 활용한 서울지역에서의 미세먼지(PM2.5와 PM10)농도 추정 알고리즘 연구''. 한국기상학회 학술대회 논문집, 259-260.
	\bibitem{airkorea} http://www.airkorea.or.kr
	\bibitem{ladsweb} https://ladsweb.modaps.eosdis.nasa.gov/
	\bibitem{leekimchukimlee_0201} 이현경, 김금란, Allen Chu, 김미향, 이윤아 (2002). ``MODIS를 이용한 aerosol optical depth 산출. 대기'', 12(1), 558-560.
	
\end{thebibliography}
