@article{ji2012observation,
	title={Roleofseaiceonsatellite-observedchlorophyll-a concentration variationsduringspringbloomintheEast/Japansea},
	author={Kyung-AePark, Chang-KeunKang, Kyung-RyulKim, Ji-EunPark},
	journal={Deep-Sea Research},
	volume={I},
	number={83},
	pages={34--44},
	year={2014},
	publisher={Elsevier}
}

@article{ji2012observation,
	title={Observation of diurnal variations in mesoscale eddy sea-surface currents using GOCI data},
	author={Ji-Eun Park, Kyung-Ae Park, David S. Ullman, Peter C. Cornillon and Young-Je Park},
	journal={REMOTE SENSING LETTERS},
	volume={7},
	number={12},
	pages={1131--1140},
	year={2016},
	publisher={Taylor & Francis Group}
}

@article{park2012comparison,
	title={Comparison of Composite Methods of Satellite Chlorophyll-a Concentration Data in the East Sea},
	author={Park, Kyung-Ae and Park, Ji-Eun and Lee, Min-Sun and Kang, Chang-Keun},
	journal={Korean Journal of Remote Sensing},
	volume={28},
	number={6},
	pages={635--651},
	year={2012},
	publisher={The Korean Society of Remote Sensing}
}


@article{kyung2013characteristics,
	title={Characteristics of satellite chlorophyll-a concentration speckles and a removal method in a composite process in the East/Japan Sea},
	author={Kyung-Ae Park, Hwa-Jeong Chae, Ji-Eun Park},
	journal={International Journal of Remote Sensing},
	volume={34},
	number={13},
	pages={635--651},
	year={2013},
	publisher={Taylor & Francis}
}

@article{hu2012chlorophyll,
	title={Chlorophyll aalgorithms for oligotrophic oceans: A novel approach based on three-band reflectance difference},
	author={Hu, Chuanmin and Lee, Zhongping and Franz, Bryan},
	journal={Journal of Geophysical Research: Oceans},
	volume={117},
	number={C1},
	year={2012},
	publisher={Wiley Online Library}
}

@article{chae2009characteristics,
	title={Characteristics of Speckle Errors of SeaWiFS Chlorophyll-$\alpha$ Concentration in the East Sea},
	author={Chae, Hwa-Jeong and Park, Kyung},
	journal={Journal of the Korean earth science society},
	volume={30},
	number={2},
	pages={234--246},
	year={2009},
	publisher={The Korean Earth Science Society}
}

@article{hu2001precise,
	title={How precise are SeaWiFS ocean color estimates? Implications of digitization-noise errors},
	author={Hu, Chuanmin and Carder, Kendall L and Muller-Karger, Frank E},
	journal={Remote Sensing of Environment},
	volume={76},
	number={2},
	pages={239--249},
	year={2001},
	publisher={Elsevier}
}

@article{hu2012chlorophyll,
	title={Chlorophyll aalgorithms for oligotrophic oceans: A novel approach based on three-band reflectance difference},
	author={Hu, Chuanmin and Lee, Zhongping and Franz, Bryan},
	journal={Journal of Geophysical Research: Oceans},
	volume={117},
	number={C1},
	year={2012},
	publisher={Wiley Online Library}
}

@article{o2000ocean,
	title={Ocean color chlorophyll a algorithms for SeaWiFS, OC2, and OC4: Version 4},
	author={O’Reilly, John E and Maritorena, Stephane and Siegel, David A and O’Brien, Margaret C and Toole, Dierdre and Mitchell, B Greg and Kahru, Mati and Chavez, Francisco P and Strutton, P and Cota, Glenn F and others},
	journal={SeaWiFS postlaunch calibration and validation analyses, Part},
	volume={3},
	pages={9--23},
	year={2000},
	publisher={NASA Tech. Memo}
}

@article{park2012comparison,
	title={Comparison of Composite Methods of Satellite Chlorophyll-a Concentration Data in the East Sea},
	author={Park, Kyung-Ae and Park, Ji-Eun and Lee, Min-Sun and Kang, Chang-Keun},
	journal={Korean Journal of Remote Sensing},
	volume={28},
	number={6},
	pages={635--651},
	year={2012},
	publisher={The Korean Society of Remote Sensing}
}

@article{yamada2004seasonal,
	title={Seasonal and interannual variability of sea surface chlorophyll a concentration in the Japan/East Sea (JES)},
	author={Yamada, Keiko and Ishizaka, Joji and Yoo, Sinjae and Kim, Hyun-cheol and Chiba, Sanae},
	journal={Progress in oceanography},
	volume={61},
	number={2},
	pages={193--211},
	year={2004},
	publisher={Elsevier}
}

@thesis{Kimhc,
	author = {김현철},
	title = {(A) Study of surface chlorophyll variation in the Korean East Sea using ocean color remote sensing data},
	type = {Doctoral dissertation},
	institution = {서울대학교 대학원},
	year={2006},
}

@manual{hooker1992An,
	ALTauthor = {Hooker, S. B., W. E. Esaias, G. C. Feldman, W. W. Gregg, and C. R. McClain},
	ALTeditor = {S. B. Hooker and E. R. Firestone},
	title = {An Overview of SeaWiFS and Ocean Color},
	year = {1992},
	OPTsubtitle = {In NASA Technical Memorandum 104566},
	volume={vol. 1},
	pages={193--211},
	publisher={MD: NASA Goddard Space Flight Center},
	OPTtype = {In NASA Technical Memorandum 104566},
	OPTlocation = {Greenbelt, MD}
}

@online{feldman2012ocean,
	ALTauthor = {Feldman, G. C.},
	ALTeditor = {editor},
	title = {Ocean Color Web},
	date = {August 20, 2012.},
	year = {2012},
	url = {http://www.oceancolor.gsfc.nasa.gov/},
	OPTsubtitle = {SeaWiFS Reprocessing 2009},
	OPTtitleaddon = {titleaddon},
	OPTlanguage = {language},
	OPTversion = {version},
	OPTnote = {note},
	OPTorganization = {NASA Goddard Space Flight Center},
	OPTdate = {date},
	OPTmonth = {month},
	OPTyear = {year},
	OPTaddendum = {addendum},
	OPTpubstate = {pubstate},
	OPTurldate = {August 20, 2012.},
}

@online{feldman2013ocean,
	ALTauthor = {Feldman, G. C.},
	ALTeditor = {editor},
	title = {Ocean Color Web},
	date = {August 20, 2012.},
	year = {2012},
	url = {http://oceancolor.gsfc.nasa.gov/WIKI/OCReproc20100SW.html},
	OPTsubtitle = {Ocean Color Data Reprocessing},
	OPTtitleaddon = {titleaddon},
	OPTlanguage = {language},
	OPTversion = {version},
	OPTnote = {note},
	OPTorganization = {NASA Goddard Space Flight Center},
	OPTdate = {date},
	OPTmonth = {month},
	OPTyear = {2012},
	OPTaddendum = {addendum},
	OPTpubstate = {pubstate},
	OPTurldate = {August 20, 2012.},
}
